<?xml version="1.0" encoding="UTF-8"?><collection xmlns="http://www.loc.gov/MARC21/slim"><record><leader>00652nam--2200181-i-4500</leader><controlfield tag="001">000017226</controlfield><controlfield tag="002">20161230</controlfield><controlfield tag="005">20170129004115</controlfield><controlfield tag="008">060222s1000------------r-----000-0-eng-d</controlfield><datafield ind1=" " ind2=" " tag="020"><subfield code="a">92-826-3</subfield></datafield><datafield ind1=" " ind2=" " tag="080"><subfield code="a">621.039.7</subfield></datafield><datafield ind1=" " ind2=" " tag="100"><subfield code="a">Keiling, Ch</subfield></datafield><datafield ind1=" " ind2=" " tag="245"><subfield code="a">The influence of organic complexing agents upon the mobilization and migration of radionucli des from ilw contained in cement and bitumen under nearfield conditions for a repository in a salt dome. Task 3</subfield></datafield><datafield ind1=" " ind2=" " tag="260"><subfield code="a">Luxembourg</subfield><subfield code="b">Office For Official Publications Of The European Communities</subfield><subfield code="c">1992</subfield></datafield><datafield ind1=" " ind2=" " tag="300"><subfield code="a">171 p</subfield></datafield><datafield ind1=" " ind2=" " tag="490"><subfield code="a">Eur 13883</subfield></datafield><datafield ind1=" " ind2=" " tag="852"><subfield code="a">80166</subfield></datafield><datafield ind1=" " ind2=" " tag="CAT"><subfield code="a">SYS</subfield><subfield code="c">20170129</subfield><subfield code="h">004115</subfield></datafield></record></collection>